@article{krone,
  author = {Krone, R.},
  year = {1962},
  owner = {a66955},
  timestamp = {2013.03.12}
}

@article{Kas02,
  author = {Kashefipour, S. M. and Falconer, R.A.},
  title = {Longitudinal dispersion coefficient in natural channels},
  journal = {Water Research},
  year = {2002},
  volume = {36},
  owner = {a66955},
  timestamp = {2014.01.28}
}

@inproceedings{Hau14,
  author = {Hauet, A. and Buannic, G. and Antoine, G. and Jodeau, M. and Esteves,
	M. and Thollet, F.},
  title = {In situ measurement of advection-dispersion processes in a torrential
	river, comparison with numerical modeling},
  booktitle = {River Flow},
  year = {2014},
  owner = {a66955},
  timestamp = {2014.04.01}
}

@article{partheniades,
  author = {Partheniades, E.},
  year = {1965},
  owner = {a66955},
  timestamp = {2013.03.12}
}

@article{engelund,
  author = {Engelund, F. and Hansen, E.},
  title = {A monograph on sediment transport in alluvial streams},
  journal = {Technical University of Denmark.},
  year = {1967},
  owner = {jodeau},
  timestamp = {2012.01.24}
}

@article{Che10,
  author = {Chen, D. and Acharya, K. and Stone, M.},
  title = {Sensitivity analysis of nonequilibrium adaptation parameters for
	modeling mining-pit migration},
  journal = {Journal of Hydraulic Engineering},
  year = {2010},
  pages = {806-811},
  owner = {a66955},
  timestamp = {2012.09.12}
}

@article{Cam04,
  author = {Camenen, B.},
  title = {Simple and General Formula for the Settling Velocity of Particles},
  journal = {Journal of Hydraulic Engineering},
  year = {2004},
  month = {February},
  note = {pp 229-233},
  owner = {lucie},
  timestamp = {2014.04.02}
}

@article{Mig89,
  author = {Migniot, C.},
  title = {Tassement et Rhéologie des vases},
  journal = {La Houille Blanche},
  year = {1989},
  volume = {1-2},
  owner = {a66955},
  timestamp = {2013.12.18}
}

@manual{mascaret_guide,
	title = {Mascaret theory guide v8p1},
	author = {Goutale, Nicole and Zaoui, Fabrice},
	month = {December},
	year = {2019},
}

@article{MPM, 
    title = {Formulas for Bed-Load transport},
    author = {Meyer-Peter, E. and Müller, R.},
    year = {1948},
    month = {June},
    journal = {Hydraulic Engineering Reports},
    publisher = "IAHR", 
    series = {IAHSR 2nd meeting, Stockholm, appendix 2}
}
@book{lefort,
    title = {Morphodynamique fluviale - Approches théorique et expérimentale},
    author = {Philippe Lefort},
    ISBN = "978-2-85978-516-1",
    year = "2018", 
    month = "June",
    publisher = "Ponts et Chaussées (Presses)",
}
@article{recking2013,
    title = {Simple Method for Calculating Reach-Averaged Bed-Load Transport},
    author = {A. Recking},
    journal = {Journal of Hydraulic Engineering}, 
    year = {2013},
    month="January",
    volume = {139, Issue 1},
    doi = "https://doi.org/10.1061/(ASCE)HY.1943-7900.0000653",
}

@article{recking2015, 
    title = {Quantifying the Morphological Print of Bedload Transport},
    author = {Alain Recking and Guillaume Piton and Daniel Vazquez‐Tarrio and Gary Parker},
    year = {2015},
    month = {November}, 
    journal = {Earth Surface Processes and Landforms},
    volume ={41, Issue 6},
    page ="809-822",
    doi = "https://doi.org/10.1002/esp.3869",
    
}
@techreport{courlis_2014,
	title = {{Code Courlis 5.2 - Note de principe, validation, utilisation}},
	author = { },
    institution = "EDF R\&D",
    number = "H-P73-2014-01223-FR", 
	year = {2014},
}

@misc{thesis_ung,
    title = {Code Mascaret-Courlis - Aspect Charriage},
    author = {Philippe Ung},
    school = {LHSV},
    month = "March",
    year = {2018},
    type = "Post-doctoral thesis",
}

@inproceedings{courlis_ung_2018,
    title={{COURLIS: a 1D suspension and bedload code}},
    author = {Matthieu Sécher and Philippe Ung and Eric Valette and Magali Jodeau and Nicole Goutal},
    booktitle = {River Flow},
    year = "2018",
    doi = "https://doi.org/10.1051/e3sconf/20184005038"

}
@manual{hec_ras,
    title = {HEC-RAS River analysis system hydraulic reference manual},
	author = {Gary W. Brunner},
	organization = {US Army corps of engineers},
	month = {January},
	year = {2010},
	edition = {CPD-69}
}

@conference{mascaret_dev,
    author    = "Fabrice Zaoui",
    title     = "MASCARET - Développement en cours",
    booktitle = "EDF R\&D - LNHE",
    year      = "2012",
    month    = "June",
}

@techreport{cavalcade,
    title={{Logiciel CAVALCADE version 5.2}}, 
    author={Anaïs Gil and Aurélie André}, 
    institution={ARTELIA}, 
    month={December}, 
    year="2015",
}
@article{lois_validite_recking,
	title={{Evaluation des formules de transport solide en rivière avec prise en compte de l’échelle temporelle}},
	author= {Alain Recking},
	month = {May},
	year = "2010",
	journal = "Rapport PGRN" ,
}

@misc{univ_lyon,
	url="http://theses.univ-lyon2.fr/documents/getpart.php?id=lyon2.2008.pintomartins_d&part=154405",
}

@inproceedings{benchmark2019, 
    title = {Benchmark of hydro-sedimentary 1D codes : HEC-RAS, COURLIS and ADIS-TS},
    author = {Emilio Corrales Lalinde, Violaine Dugué, Thierry Frétaud, Matthieu Sécher, Eric Valette, Jean-Baptiste Faure and Benoît Camenen},
    year = {2019},
    month = {October},
    booktitle = "XXVIth TELEMAC \& MASCARET User Club",
    address = "Toulouse, France",
}

@inproceedings{bertier2002, 
    title = {One dimensional model for reservoir sedimentation management},
    author = {Ch. Bertier, J.-P. Bouchard and Lionel Dumond},
    year = {2002},
    month = {September},
    booktitle = "Proc of the International Conference on Fluvial Hydraulics River Flow 2002",
    address = "Louvain la Neuve Belgium",
    isbn = "90 5809 509 6",
}

@inproceedings{river_flow_2018,
    title={{COURLIS : a 1D suspension and bedload code}},
    author = {Matthieu Secher, Philippe Ung, Eric Valette, Magali Jodeau, Nicole Goutal},
    year = {2018},
    month = {September},
    booktitle = "E3S Web of Conferences 40, 05038 (2018)",
    doi = "90 5809 509 6https://doi.org/10.1051/e3sconf/20184005038",
}

@article{grangent2005,
	title={{Reservoir Bank Deformation Modeling: Application to Grangent Reservoir}},
	author= {D. Marot ; J. P. Bouchard ; A. Alexis},
	doi="10.1061/(ASCE)0733-9429(2005)131:7(586)",
	journal="Journal of hydraulic engineering",
	month = {July},
	year = "2005",
}
@inproceedings{courlis2017, 
    title = {COURLIS: a new sedimentology 1D module for MASCARET},
    author = {Eric Valette, Matthieu Secher, Philippe Ung, Nicole Goutal, Magali Jodeau},
    year = {2017},
    month = {October},
    booktitle = "XXIVth TELEMAC \& MASCARET User Club",
    address = "Graz, Austria",
}

@article{tolla2012,
	title={{Sediment transport modelling of a reservoir drawdown, example of Tolla reservoir}},
	author= {M. Jodeau & S. Menu},
	year = "2012",
}

@article{stegreve2014,
	title={{St-Egrève reservoir—modelling of flushing and evolution of the channel bed}},
	author= {E. Valette ; P. Tassi ; M. Jodeau ; C. Villaret },
	isbn="978-1-138-02675-9",
	journal="Reservoir Sedimentation – Schleiss et al. (Eds)",
	year = "2014",
	address = "London",
	editor="Taylor & Francis Group",
}
