@book{hervouet07,
	author = {J.-M. Hervouet},
	year = {2007},
	title = {Hydrodynamics of free surface flows, modelling with the finite element method},
	publisher = {John Wiley \& Sons Ltd.},
}

@TechReport{UAN75,
   author     = {M. UAN},
   year       = {1975},
   title      = {{Etablissement des équations régissant les écoulements non permanents à surface libre avec champ d'inondation}},
   institution= {EDF/LNH},
   number     =	{C43-75-66}
}

@Article{NICOLLET79,
	author		= {G. NICOLLET et M. UAN},
	year		= {janvier 1979},
	title		= {{Ecoulements permanents à surface libre en lits composés}},
	journal		= {La Houille Blanche},
	volume		= 1,
	pages		= {21--30}
}

@Article{CUNGE64,
	author		= {J. A. CUNGE et M. WEGNER},
	year		= {janvier 1964},
	title		= {{Intégration numérique des équations d'écoulement de barré de Saint-Venant par un schéma implicite de différences finies}},
	journal		= {La Houille Blanche},
	volume		= 1,
	pages		= {33--39}
}

@TechReport{ZAOUI10,
   author     = {F. ZAOUI},
   year       = {2010},
   title      = {{Implantation d'une méthode de résolution matricielle dans \mascaret{} (noyau fuvial non-permanent)}},
   institution= {EDF},
   number     =	{H-P73-2010-02037-FR}
}

@Book{ZLATEV81,
	author		= {Z. ZLATEV, J. WASNIEWSKI and K. SCHAUMBURG},
	year		= {october 1981},
	title		= {Y12M Solution of large and sparse systems of linear algebraic equations: documentation of subroutines},
	publisher	= {Springer-Verlag  Gmbh \& Co. Kg},
	address		= {Berlin and Heidelberg}
}

@TechReport{GOUTAL91,
   author     = {N. GOUTAL},
   year       = {1991},
   title      = {{Note de principe du code \texttt{RUPTUR}}},
   institution= {EDF},
   number     =	{HE-43/91/038}
}

@Phdthesis{AFIF86,
	author		= {M. AFIF},
	year		= {Juin 1986},
	title		= {{Analyse de quelques problèmes hyperboliques issus de la modélisation des crues de rivières}},
	school		= {Université de Saint-Etienne},
	address		= {}
}

@Book{GODLEWSKI91,
	author		= {E. GODLEWSKI and P.A. RAVIART},
	year		= {1991},
	title		= {Hyperbolic systems of conservation laws},
	publisher	= {Mathématiques et applications, Ellipses},
	address		= {}
}

@Book{SMOLLER83,
	author		= {J. SMOLLER},
	year		= {1983},
	title		= {Shock waves and reaction-diffusion equations},
	publisher	= {Springler-Verlag},
	address		= {Berlin}
}

@Inproceedings{LAX72,
   author     = {P.D. LAX},
   year       =	{1972},
   title      = {{Hyperbolic systems of conservation laws and the mathematical theory of stock wales}},
   editor     = {SIAM, Regional Conference Series},
   booktitle  = {Lectures in Applied Math.},
   address    = {Philadelphia}
}

@Phdthesis{PAQUIER95,
	author		= {A. PAQUIER},
	year		= {Octobre 1995},
	title		= {{Modélisation et simulation de la progression de l'onde de rupture de barrage}},
	school		= {Université Jean Monnet},
	address		= {}
}

@Phdthesis{VAZQUEZ94,
	author		= {M.E. VAZQUEZ CENDON},
	year		= {1994},
	title		= {Estudio de esquemas descentrados para su aplicaci\'on a las leyes de conservaci\'on hiperb\'olicas con t\'erminos fuente},
	school		= {Universidad Santiago de Compostella},
	address		= {Spain}
}

@Article{AMBROSI95,
	author		= {D. AMBROSI},
	year		= {1995},
	title		= {Approximate of shallow water equations by Roe's Riemann solver},
	journal		= {International Journal for Numerical Methods in Fluids},
	volume		= 20,
	pages		= {157--168}
}

@Phdthesis{MONTHE97,
	author		= {L.A. MONTHE},
	year		= {Juillet 1997},
	title		= {Etude des Equations aux Dérivées Partielles Hyperboliques Raides. Application aux équations de Saint-Venant},
	school		= {Université de Rouen},
	address		= {France}
}

@Article{ROE81,
	author		= {P.L. ROE},
	year		= {October 1981},
	title		= {Approximate Riemann solvers, parameters vectors, and difference schemes},
	journal		= {Journal of Computational Physics},
	volume		= {43, Issue 2},
	pages		= {357--372}
}

@Phdthesis{BUFFARD93,
	author		= {T. BUFFARD},
	year		= {décembre 1993},
	title		= {Analyse de quelques méthodes de volumes finis non structurés pour la résolution des équations d'Euler},
	school		= {Université Paris VI},
	address		= {France}
}

@misc{LEVEQUE90,
   author = {R. J. LEVEQUE},
   title = {Numerical methods for conservation laws},
   year = {1990},
   organization = {Lecture in Mathematics ETH},
   location = {Zurich},
}

@TechReport{GOUTAL02,
   author     = {N. GOUTAL},
   year       = {2002},
   title      = {Implicitation du noyau transcritique de \mascaret{}},
   institution= {EDF},
   number     =	{H-P76/2002/008/B}
}

@TechReport{GOUTAL96,
   author     = {N. GOUTAL et F. MAUREL},
   year       = {1996},
   title      = {Note de principe de la version 4.1 du code \mascaret{}},
   institution= {EDF},
   number     =	{HE-43/96/075/B}
}

@TechReport{GOUTAL97,
	author		= {N. GOUTAL et F. MAUREL},
	year		= {1997},
	title		= {Proceedings of the $2^{nd}$ workshop on the dam-break wave simulation},
   institution= {EDF},
   number     =	{HE-43/97/016/A}
}

@Phdthesis{LECOZ96,
	author		= {O. LE COZ},
	year		= {1996},
	title		= {Un schéma équilibre pour les écoulements à surface libre instationnaires avec bathymétrie},
	school		= {Université Bordeaux I},
	address		= {Talence}
}

@Phdthesis{BON97,
	author		= {C. BON},
	year		= {1997},
	title		= {Modélisation et simulation numérique d'écoulements hydrau\-liques et de ruissellement en topographie quelconque},
	school		= {Université Bordeaux I},
	address		= {Talence}
}

@TechReport{MAUREL96,
   author     = {F. MAUREL},
   year       = {1996},
   title      = {Traitement des confluents dans le  logiciel \mascaret{} 4.0 - Principes de la méthode et éléments de validation},
   institution= {EDF},
   number     =	{HE-43/96/067/A}
}

@TechReport{BENSLAMA95,
   author     = {E. BEN SLAMA},
   year       = {1995},
   title      = {Code \texttt{EROSIF} - Note de principe, note d'utilisation et éléments de validation},
   institution= {EDF},
   number     =	{HE-43/95/073/A}
}

@TechReport{GOUTAL03,
   author     = {N. GOUTAL},
   year       = {2003},
   title      = {Système \mascaret{} v5p2 : ajout de nouvelles singularités},
   institution= {EDF},
   number     =	{HP-76/03/020/A}
}

@Book{CARLIER87,
	author		= {M. CARLIER},
	year		= {1987},
	title		= {Hydraulique générale et appliquée},
	publisher	= {Collection de la Direction des Etudes et Recherches d'Electricité de France, Eyrolles},
	address		= {Paris}
}

@TechReport{RISSOAN02,
   author     = {C. RISSOAN et E. MONIER},
   year       = {2002},
   title      = {Système \mascaret{}: validation du couplage d'un système de casiers avec le noyau fluvial non permanent},
   institution= {EDF},
   number     =	{HP-76/02/043}
}

@TechReport{GOUTAL_RISSOAN02,
   author     = {N. GOUTAL et C. RISSOAN},
   year       = {2002},
   title      = {\mascaret{} 5.1 Note d'utilisation},
   institution= {EDF},
   number     =	{HP-76/02/013}
}

@TechReport{GOUTAL05,
   author     = {N. GOUTAL},
   year       = {2005},
   title      = {Calage automatique du coefficient de Strickler en régime permanent sur un bief unique},
   institution= {EDF},
   number     =	{HP-75/05/021/A}
}

@TechReport{LEBOSSE89_1,
   author     = {A. LEBOSSE},
   year       = {1989},
   title      = {Code \texttt{CASTOR} -- \texttt{CA}lage du coefficient de \texttt{ST}rickler \texttt{O}ptimisé en \texttt{R}ivière -- Note de principe},
   institution= {EDF},
   number     =	{HE-43/89/40}
}

@TechReport{LEBOSSE89_2,
   author     = {A. LEBOSSE},
   year       = 1989,
   title      = {Code \texttt{CASTOR} -- \texttt{CA}lage du coefficient de \texttt{ST}rickler \texttt{O}ptimisé en \texttt{R}ivière -- Note de validation},
   institution= {EDF},
   number     =	{HE-43/89/57}
}

@TechReport{LEBOSSE89_3,
   author     = {A. LEBOSSE},
   year       = {1989},
   title      = {Estimation of the Manning-Strickler-Roughness coefficient in St-Venant equations},
   institution= {EDF},
   number     =	{HE-43/89/58}
}

@Article{BRISTEAU11,
	author		= {M.-O. BRISTEAU, N. GOUTAL and J. SAINTE-MARIE},
	year		= {2011},
	title		= {{Numerical simulations of a non-hydrostatic shallow water model}},
	journal		= {Computers and Fluids},
	volume		= 47,
	pages		= {51--64}
}

@TechReport{GOUTAL08_06,
   author     = {N. GOUTAL},
   year       = {2008},
   title      = {Note de principe et validation des équations de Saint-Venant permanentes en régime transcritique},
   institution= {EDF},
   number     =	{HP-73-2008-3786}
}

@Inproceedings{PREISSMANN61,
	author		= {A. PREISSMANN},
	year		= {1961},
	title		= {{Propagation des intumescences dans les canaux et rivières}},
	booktitle	= {$1^{er}$ congrès de l'Association Fran{\c c}aise de Calcul},
	publisher	= {},
	address		= {Grenoble}
}

@Article{MESELHE97,
	author		= {E. A. MESELHE and F. M. HOLLY Jr.},
	year		= {1997},
	title		= {{Invalidity of the Preissmann scheme for transcritical flow}},
	journal		= {Journal of Hydraulic Engineering},
	volume		= July,
	pages		= {652--655}
}

@Article{KUTIJA02,
	author		= {V. KUTIJA and C. J. M. HEWETT},
	year		= {2002},
	title		= {{Modelling of supercritical flow conditions revisited; NewC Scheme}},
	journal		= {Journal of Hydraulic Research},
	volume		= 40 N°2,
	pages		= {}
}

@Article{JOHNSON02,
	author		= {T. C. JOHNSON, M. J. BAINES and P. K. SWEBY},
	year		= {2002},
	title		= {{A box scheme for transcritical flow}},
	journal		= {International Journal for Numerical Methods in Engineering},
	volume		= 55,
	pages		= {895--912}
}

@Book{TORO01,
	author		= {E. F. TORO},
	year		= {2001},
	title		= {Shock-capturing methods for free-surface shallow flows},
	publisher	= {Ed. Wiley and Sons},
	address		= {}
}

@Inproceedings{GUINOT10,
	author		= {V. GUINOT},
	year		= {2-4 June 2010},
	title		= {{Uncertainty in modelling from an engineering perspective}},
	booktitle	= {SimHydro 2010 : Hydraulic modeling and uncertainty},
	publisher	= {},
	address		= {Sophia Antipolis}
}
